<record><leader>00000cas a2200000 a 4500</leader><controlfield tag="001">35959035</controlfield><controlfield tag="008">961119d191u1926miuwr ne      0    0eng c</controlfield><datafield ind1=" " ind2=" " tag="010"><subfield code="a">sn 96077268 </subfield></datafield><datafield ind1=" " ind2=" " tag="040"><subfield code="a">MHN</subfield><subfield code="b">eng</subfield><subfield code="c">MHN</subfield><subfield code="d">OCL</subfield><subfield code="d">OCLCQ</subfield><subfield code="d">OCLCF</subfield><subfield code="d">OCLCO</subfield></datafield><datafield ind1="1" ind2=" " tag="029"><subfield code="a">AU@</subfield><subfield code="b">000012971701</subfield></datafield><datafield ind1=" " ind2=" " tag="042"><subfield code="a">pcc</subfield></datafield><datafield ind1=" " ind2=" " tag="043"><subfield code="a">n-us-mi</subfield></datafield><datafield ind1="0" ind2="4" tag="245"><subfield code="a">The Mio telegram-news.</subfield></datafield><datafield ind1="1" ind2="3" tag="246"><subfield code="a">Oscoda Co. Telegram-news</subfield></datafield><datafield ind1="3" ind2=" " tag="246"><subfield code="a">Oscoda County telegram news</subfield></datafield><datafield ind1="1" ind2="3" tag="246"><subfield code="a">Telegram news</subfield></datafield><datafield ind1=" " ind2=" " tag="250"><subfield code="a">Oscoda County ed.</subfield></datafield><datafield ind1=" " ind2=" " tag="260"><subfield code="a">Mio, Mich. :</subfield><subfield code="b">Edwin A. Goodwin</subfield></datafield><datafield ind1=" " ind2=" " tag="300"><subfield code="a">v.</subfield></datafield><datafield ind1=" " ind2=" " tag="310"><subfield code="a">Weekly</subfield></datafield><datafield ind1=" " ind2=" " tag="515"><subfield code="a">Issues also called: -&lt;36th yr., no. 36 (Oct. 3, 1917)&gt; ; &lt;36th yr. (Oct. 24, 1917)&gt;-</subfield></datafield><datafield ind1=" " ind2=" " tag="580"><subfield code="a">Continued by: Mio telegram?</subfield></datafield><datafield ind1=" " ind2=" " tag="588"><subfield code="a">Description based on: 36th yr., no. 6 (June 20, 1917).</subfield></datafield><datafield ind1=" " ind2="0" tag="651"><subfield code="a">Mio (Mich.)</subfield><subfield code="v">Newspapers.</subfield></datafield><datafield ind1=" " ind2="0" tag="651"><subfield code="a">Oscoda County (Mich.)</subfield><subfield code="v">Newspapers.</subfield></datafield><datafield ind1=" " ind2="7" tag="655"><subfield code="a">Newspapers.</subfield><subfield code="2">fast</subfield><subfield code="0">(OCoLC)fst01423814</subfield></datafield><datafield ind1=" " ind2="7" tag="651"><subfield code="a">Michigan</subfield><subfield code="z">Mio.</subfield><subfield code="2">fast</subfield><subfield code="0">(OCoLC)fst01879988</subfield></datafield><datafield ind1=" " ind2="7" tag="651"><subfield code="a">Michigan</subfield><subfield code="z">Oscoda County.</subfield><subfield code="2">fast</subfield><subfield code="0">(OCoLC)fst01222312</subfield></datafield><datafield ind1=" " ind2=" " tag="752"><subfield code="a">United States</subfield><subfield code="b">Michigan</subfield><subfield code="c">Oscoda</subfield><subfield code="d">Mio.</subfield></datafield><datafield ind1="0" ind2="0" tag="780"><subfield code="t">Oscoda County telegram and news</subfield><subfield code="w">(DLC)sn 96077275</subfield><subfield code="w">(OCoLC)35957671</subfield></datafield><datafield ind1="1" ind2="0" tag="785"><subfield code="t">Mio telegram</subfield><subfield code="w">(DLC)sn 96077269</subfield><subfield code="w">(OCoLC)35957721</subfield></datafield></record>